@article{surveyzkp,
    title = {{A survey of noninteractive zero knowledge proof system and its applications}},
    year = {2014},
    journal = {Scientific World Journal},
    author = {Wu, Huixin and Wang, Feng},
    volume = {2014},
    publisher = {The Scientific World Journal},
    doi = {10.1155/2014/560484},
    issn = {1537744X},
    pmid = {24883407}
}

@article{artrentalblockchain,
    title = {{An Artwork Rental System Based on Blockchain Technology}},
    year = {2023},
    journal = {Symmetry 2023, Vol. 15, Page 341},
    author = {Yeh, Kuo-Hui and Inagaki, Tomohiro and Huang, Der-Chen and Liu, Ling-Chun and Deng, Yong-Yuan and Chen, Chin-Ling},
    number = {2},
    month = {1},
    pages = {341},
    volume = {15},
    publisher = {Multidisciplinary Digital Publishing Institute},
    url = {https://www.mdpi.com/2073-8994/15/2/341/htm https://www.mdpi.com/2073-8994/15/2/341},
    doi = {10.3390/SYM15020341},
    issn = {2073-8994},
    keywords = {Hyperledger Fabric, arbitration mechanism, art bank, blockchain, mutual authentication, non, repudiation, smart contract}
}

@article{artintransit,
    title = {{Art in transit: studies in the transport of paintings}},
    year = {1991},
    author = {Mecklenburg, MF},
    url = {https://repository.si.edu/bitstream/handle/10088/8128/mci_Art_In_Transit.pdf}
}

@article{artchain,
    title = {{ArtChain: Blockchain-enabled platform for art marketplace}},
    year = {2019},
    journal = {Proceedings - 2019 2nd IEEE International Conference on Blockchain, Blockchain 2019},
    author = {Wang, Ziyuan and Yang, Lin and Wang, Qin and Liu, Donghai and Xu, Zhiyu and Liu, Shigang},
    month = {7},
    pages = {447--454},
    publisher = {Institute of Electrical and Electronics Engineers Inc.},
    isbn = {9781728146935},
    doi = {10.1109/BLOCKCHAIN.2019.00068},
    keywords = {Artwork, Blockchain, Provenance}
}

@misc{artory,
    title = {{Artory}},
    booktitle = {Date accessed: 22/03/2023},
    author = {{artory.com}},
    url = {https://www.artory.com/}
}

@misc{authena,
    title = {{Authena}},
    booktitle = {Date accessed: 22/03/2023},
    author = {{authena.io}},
    url = {https://authena.io/}
}

@article{bitcoin,
    title = {{Bitcoin: A Peer-to-Peer Electronic Cash System}},
    year = {2008},
    author = {Nakamoto, Satoshi},
    url = {www.bitcoin.org}
}

@article{creativeindustry,
    title = {{Blockchain technology for creative industries: Current state and research opportunities}},
    year = {2023},
    journal = {International Journal of Research in Marketing},
    author = {Malik, Nikhil and Wei, Yanhao and Appel, Gil and Luo, Lan},
    number = {1},
    month = {3},
    pages = {38--48},
    volume = {40},
    publisher = {North-Holland},
    doi = {10.1016/J.IJRESMAR.2022.07.004},
    issn = {0167-8116},
    keywords = {Blockchain, Creative industries, Digital art, Ethereum network, NFT, Price bubbles, Smart contracts, Transaction cost, Valuation}
}

@article{blockchainoverview,
    title = {{Blockchain Technology Overview}},
    year = {2019},
    author = {Yaga, Dylan and Mell, Peter and Roby, Nik and Scarfone, Karen},
    month = {6},
    url = {http://arxiv.org/abs/1906.11078 http://dx.doi.org/10.6028/NIST.IR.8202},
    doi = {10.6028/NIST.IR.8202},
    arxivId = {1906.11078v1},
    keywords = {asymmetric-key cryptography, blockchain, consensus model, cryptocurrency, cryptographic hash function, data oracle, distributed consensus algorithm, distributed ledger, hard fork, proof of authority, proof of elapsed time, proof of identity, proof of stake, proof of work, round robin, smart contracts, soft fork}
}

@article{modum.io,
    title = {{Blockchains everywhere-a use-case of blockchains in the pharma supply-chain}},
    year = {2017},
    journal = {2017 IFIP/IEEE Symposium on Integrated Network and Service Management (IM)},
    author = {Bocek, Thomas and Rodrigues, Bruno B and Strasser, Tim and Stiller, Burkhard},
    pages = {772--777},
    url = {https://ieeexplore.ieee.org/abstract/document/7987376/},
    isbn = {9783901882890},
    keywords = {2017. IFIP Open Digital Library, Carlos Raniery Paula dos Santos, Edmundo Madeira, Edmundo Monteiro: 15th IFIP/IEEE International Symposium on Integrated Network Management - Experience Session, IM 2017, ISBN: 978-3-901882-89-0, Lisbon, Luciano Paschoal Gaspary, Marinos Charalambides, May 08-12, Paulo Sim√µes, Portugal, Prosper Chemouil, Stefano Secci}
}

@misc{certify,
    title = {{CERTIFY}},
    booktitle = {Date accessed: 10/04/2023},
    author = {{certify-project.eu}},
    url = {https://certify-project.eu/}
}

@article{zkpdefinitions,
    title = {{Definitions and Properties of zero-knowledge proof systems}},
    year = {2002},
    journal = {researchgate.net},
    author = {Goldreich, Oded and Oren, Yair},
    number = {1},
    month = {12},
    pages = {1--32},
    volume = {7},
    publisher = {Springer-Verlag},
    url = {https://www.researchgate.net/profile/Oded-Goldreich/publication/2501023_Definitions_And_Properties_Of_Zero-Knowledge_Proof_Systems/links/00b7d52bb04fa491d5000000/Definitions-And-Properties-Of-Zero-Knowledge-Proof-Systems.pdf},
    doi = {10.1007/BF00195207},
    keywords = {Computational complexity, Computational indistinguishability, Cryptographic composition of protocols, Zero-knowledge}
}

@misc{erc721,
    title = {{ERC-721 Non-Fungible Token Standard}},
    booktitle = {Date accessed: 26/03/2023},
    author = {{ethereum.org}},
    url = {https://ethereum.org/en/developers/docs/standards/tokens/erc-721/}
}

@article{ethereum,
    title = {{Ethereum: A Next-Generation Smart Contract and Decentralized Application Platform.}},
    year = {2014},
    journal = {Ethereum Whitepaper},
    author = {Buterin, Vitalik}
}

@misc{everledger,
    title = {{Everledger}},
    booktitle = {Date accessed: 22/03/2023},
    author = {{everledger.io}},
    url = {https://everledger.io}
}

@article{industryiot,
    title = {{Industrial Blockchain: A state-of-the-art Survey}},
    year = {2021},
    journal = {Robotics and Computer-Integrated Manufacturing},
    author = {Li, Z. and Zhong, Ray Y. and Tian, Z. G. and Dai, Hong Ning and Barenji, Ali Vatankhah and Huang, George Q.},
    month = {8},
    pages = {102124},
    volume = {70},
    publisher = {Pergamon},
    doi = {10.1016/J.RCIM.2021.102124},
    issn = {0736-5845},
    keywords = {Industrial Blockchain, literature review, manufacturing, supply chain}
}

@article{iot,
    title = {{Internet of Things (IoT): A Literature Review}},
    year = {2015},
    journal = {Journal of Computer and Communications},
    author = {Madakam, Somayya and Ramaswamy, R. and Tripath, Siddharthi},
    number = {05},
    pages = {164--173},
    volume = {03},
    publisher = {Scientific Research Publishing},
    url = {http://file.scirp.org/Html/56616.html http://www.scirp.org/journal/PaperInformation.aspx?PaperID=56616&#abstract},
    doi = {10.4236/JCC.2015.35021},
    issn = {2327-5219},
    keywords = {Actuators, Barcode, Bluetooth, EPC, IPv6, Internet of Things, IoT, NFC, RFID, Sensors, Wi-Fi, ZigBee}
}

@article{nftopportunities,
    title = {{Non-Fungible Token (NFT): Overview, Evaluation, Opportunities and Challenges}},
    year = {2021},
    author = {Wang, Qin and Li, Rujia and Wang, Qi and Chen, Shiping},
    month = {5},
    url = {https://arxiv.org/abs/2105.07447v3},
    arxivId = {2105.07447},
    keywords = {App {\textperiodcentered}, Blockchain {\textperiodcentered} NFT {\textperiodcentered} D, Smart contract}
}

@misc{objectid,
    title = {{Object ID - International Council of Museums}},
    booktitle = {Date accessed: 11/03/2023},
    author = {{ICOM}},
    url = {https://icom.museum/en/resources/standards-guidelines/objectid/}
}

@article{pactart,
    title = {{PACT-ART: Adaptive and context-aware processes for the transportation of artworks}},
    year = {2015},
    journal = {2015 Digital Heritage International Congress, Digital Heritage 2015},
    author = {Mousheimish, Raef and Taher, Yehia and Zeitouni, Karine and Dubus, Michel},
    pages = {347--350},
    publisher = {Institute of Electrical and Electronics Engineers Inc.},
    isbn = {9781509000487},
    doi = {10.1109/DIGITALHERITAGE.2015.7419520},
    keywords = {Adaptation, Business Process Management, Cultural Heritage, Logistics Process, Prediction, Recommendation}
}

@article{zkpexamples,
    title = {{Proofs That Yield Nothing but Their Validity or All Languages in NP Have Zero-Knowledge Proof Systems}},
    year = {1991},
    journal = {J. ACM},
    author = {Goldreich, Oded and Micali, Silvio and Wigderson, Avi},
    number = {3},
    month = {7},
    pages = {690--728},
    volume = {38},
    publisher = {Association for Computing Machinery},
    url = {https://doi.org/10.1145/116825.116852},
    address = {New York, NY, USA},
    doi = {10.1145/116825.116852},
    issn = {0004-5411},
    keywords = {NP, cryptographic protocols, fault tolerant distributed computing, graph isomorphism, interactive proofs, methodological design of protocols, one-way functions, proof systems, zero-knowledge}
}

@inproceedings{nftminter,
    title = {{Proposal on NFT Minter for Blockchain-based Art-Work Trading System}},
    year = {2022},
    booktitle = {2022 IEEE 11th International Conference on Communication Systems and Network Technologies (CSNT)},
    author = {Vairagade, Rupali and Bitla, Leela and Judge, Harshpal H. and Dharpude, Shubham D. and Kekatpure, Sarthak S.},
    month = {4},
    pages = {571--576},
    publisher = {IEEE},
    url = {https://ieeexplore.ieee.org/document/9787667/},
    isbn = {978-1-6654-8038-3},
    doi = {10.1109/CSNT54456.2022.9787667},
    keywords = {Cryptocurrency, Non-fungible token, OpenSea, artwork, blockchain, contract address, digital asset, metamask wallet, mint}
}

@article{goldwasserzkp,
    title = {{The Knowledge Complexity of Interactive Proof-Sytems}},
    year = {1985},
    journal = {Conference Proceedings of the Annual ACM Symposium on Theory of Computing},
    author = {Goldwasser, Shafi and Micali, Silvio and Rackoff, Charles},
    pages = {291--304},
    publisher = {ACM (Order n 508850)},
    isbn = {0897911512},
    doi = {10.1145/22145.22178},
    issn = {07349025}
}

@article{zkdet,
    title = {{ZKDET : A Traceable and Privacy-Preserving Data Exchange Scheme based on Non-Fungible Token and Zero-Knowledge}},
    year = {2022},
    journal = {Proceedings - International Conference on Distributed Computing Systems},
    author = {Song, Rui and Gao, Shang and Song, Yubo and Xiao, Bin},
    pages = {224--234},
    volume = {2022-July},
    publisher = {Institute of Electrical and Electronics Engineers Inc.},
    isbn = {9781665471770},
    doi = {10.1109/ICDCS54860.2022.00030},
    keywords = {Privacy-preserving, blockchain, data exchange, non-fungible token (NFT), zero-knowledge}
}

@article{Aernouts2020AApplications,
    title = {{A Multimodal Localization Framework Design for IoT Applications}},
    year = {2020},
    journal = {Sensors 2020, Vol. 20, Page 4622},
    author = {Aernouts, Michiel and Lemic, Filip and Moons, Bart and Famaey, Jeroen and Hoebeke, Jeroen and Weyn, Maarten and Berkvens, Rafael},
    number = {16},
    month = {8},
    pages = {4622},
    volume = {20},
    publisher = {Multidisciplinary Digital Publishing Institute},
    url = {https://www.mdpi.com/1424-8220/20/16/4622/htm https://www.mdpi.com/1424-8220/20/16/4622},
    doi = {10.3390/S20164622},
    issn = {1424-8220},
    pmid = {32824497},
    keywords = {IoT, LPWAN, RAT, localization, multi, multimodal}
}

@article{Prescott2018PersistentCapabilities,
    title = {{Persistent tracking and monitoring of animatronics using IoT capabilities}},
    year = {2018},
    journal = {2017 IEEE 7th Annual International Conference on CYBER Technology in Automation, Control, and Intelligent Systems, CYBER 2017},
    author = {Prescott, Edward R. and Shooter, Steven B. and Meiser, Joe},
    month = {8},
    pages = {1643--1648},
    publisher = {Institute of Electrical and Electronics Engineers Inc.},
    isbn = {9781538604892},
    doi = {10.1109/CYBER.2017.8446618},
    keywords = {Animatronics, IoT, monitoring, tracking}
}

@article{Feige1987ZEROIDENTITY.,
    title = {{ZERO KNOWLEDGE PROOFS OF IDENTITY.}},
    year = {1987},
    journal = {Conference Proceedings of the Annual ACM Symposium on Theory of Computing},
    author = {Feige, Uriel and Fiat, Amos and Shamir, Adi},
    pages = {210--217},
    publisher = {ACM},
    url = {https://dl.acm.org/doi/10.1145/28395.28419},
    doi = {10.1145/28395.28419},
    issn = {07349025}
}